<?xml version="1.0" encoding="utf-8"?>
<record xmlns="http://www.loc.gov/MARC21/slim" xmlns:xsi="http://www.w3.org/2001/XMLSchema-instance" xsi:schemaLocation="http://www.loc.gov/MARC21/slim http://www.loc.gov/standards/marcxml/schema/MARC21slim.xsd">
	<leader>     nam a22     Mi 4500</leader>
	<controlfield tag="001">b23656347</controlfield>
	<controlfield tag="003">LeBAU</controlfield>
	<controlfield tag="006">m        d        </controlfield>
	<controlfield tag="007">cr cn |||m|||a</controlfield>
	<controlfield tag="008">200522s1949            o     000 0 ara d</controlfield>
	<datafield ind1=" " ind2=" " tag="040">
		<subfield code="a">ZYU</subfield>
		<subfield code="b">ara</subfield>
		<subfield code="e">rda</subfield>
		<subfield code="c">ZYU</subfield>
	</datafield>
	<datafield ind1="0" ind2="4" tag="082">
		<subfield code="a">340.59</subfield>
		<subfield code="2">23</subfield>
	</datafield>
	<datafield ind1="1" ind2=" " tag="100">
		<subfield code="6">880-01</subfield>
		<subfield code="a">Shirbīnī, Muḥammad ibn Aḥmad,</subfield>
		<subfield code="d">-1570.</subfield>
		<subfield code="e">author.</subfield>
		<subfield code="0">https://lccn.loc.gov/n82100618 ,</subfield>
	</datafield>
	<datafield ind1="1" ind2="0" tag="245">
		<subfield code="6">880-02</subfield>
		<subfield code="a">al-Iqnāʻ fī ḥall alfāẓ Abī Shujāʻ :</subfield>
		<subfield code="b">wa-huwa sharḥ ʻalá al-mukhtaṣar al-musammá Ghāyat al-ikhtiṣār fī al-fiqh ʻalá madhhab al-Imām al-Shāfiʻī taʼlīf al-ʻallāmah Abī Shujāʻ Aḥmad ibn al-Ḥusayn ibn Aḥmad al-Iṣfahānī al-Shāfiʻī, al-mawlūd fī sanat 533 wa-al-mutawaffá fī sanat 593 min al-Hijrah /</subfield>
		<subfield code="c">taʼlīf Shams al-Dīn Muḥammad ibn Aḥmad al-Shirbīnī al-Qāhirī al-Khaṭīb al-Shāfiʻī, aḥad ʻulamāʼ al-qarn al-ʻāshir al-Hijrī ; bi-taḥqīq Muḥammad Muḥyī al-Dīn ʻAbd al-Ḥamīd.</subfield>
	</datafield>
	<datafield ind1="3" ind2="0" tag="246">
		<subfield code="6">880-03</subfield>
		<subfield code="a">Sharḥ ʻalá al-mukhtaṣar al-musammá Ghāyat al-ikhtiṣār fī al-fiqh ʻalá madhhab al-Imām al-Shāfiʻī</subfield>
	</datafield>
	<datafield ind1="3" ind2="0" tag="246">
		<subfield code="6">880-04</subfield>
		<subfield code="a">Ghāyat al-ikhtiṣār fī al-fiqh ʻalá madhhab al-Imām al-Shāfiʻī</subfield>
	</datafield>
	<datafield ind1=" " ind2=" " tag="250">
		<subfield code="6">880-05</subfield>
		<subfield code="a">al-Ṭabʻah al-ūlá.</subfield>
	</datafield>
	<datafield ind1=" " ind2="1" tag="264">
		<subfield code="6">880-06</subfield>
		<subfield code="a">Miṣr :</subfield>
		<subfield code="b">Maḥmūd Tawfīq,</subfield>
		<subfield code="c">1369 H. = 1949 M.</subfield>
	</datafield>
	<datafield ind1=" " ind2=" " tag="300">
		<subfield code="6">880-07</subfield>
		<subfield code="a">online resource (3 volumes)</subfield>
	</datafield>
	<datafield ind1=" " ind2=" " tag="336">
		<subfield code="a">text</subfield>
		<subfield code="2">rdacontent</subfield>
	</datafield>
	<datafield ind1=" " ind2=" " tag="337">
		<subfield code="a">computer</subfield>
		<subfield code="2">rdamedia</subfield>
	</datafield>
	<datafield ind1=" " ind2=" " tag="338">
		<subfield code="a">online resource</subfield>
		<subfield code="2">rdacarrier</subfield>
	</datafield>
	<datafield ind1=" " ind2=" " tag="500">
		<subfield code="a">5 اجزاء ببلوغرافية في 3 اجزاء مادية.</subfield>
	</datafield>
	<datafield ind1=" " ind2=" " tag="500">
		<subfield code="a">Part of the Arabic Collections Online (ACO) project, contributed by American University of Beirut's Jafet Memorial Library.</subfield>
	</datafield>
	<datafield ind1="0" ind2=" " tag="505">
		<subfield code="a">الجزء الأول.  وهو يشتمل على مقرر السنة الأولى الثانوية من الجامع الأزهر والمعاهد الدينية -- الجزء الثاني. وهو يشتمل على مقرر السنة الثانية الثانوية من الجامع الأزهر والمعاهد الدينية -- الجزء الثالث. وهو يشتمل على مقرر السنة الثالثة الثانوية من الجامع الأزهر والمعاهد الدينية -- الجزء الخامس. ويشتمل على مقرر السنة الخامسة الثانوية من الجامع الأزهر والمعاهد الدينية.</subfield>
	</datafield>
	<datafield ind1=" " ind2=" " tag="533">
		<subfield code="a">Electronic reproduction.</subfield>
		<subfield code="b">New York, N.Y. :</subfield>
		<subfield code="c">New York University,</subfield>
		<subfield code="d">2020.</subfield>
		<subfield code="5">NNU</subfield>
	</datafield>
	<datafield ind1=" " ind2=" " tag="590">
		<subfield code="a">في المكتبة: الاجزاء 1-3، 5 (الطبعة الثالثة. مطبعة محمد علي صبيح وأولاده)، الجزء الرابع (الطبعة الاولى. محمود توفيق صاحب مكتبة الحسين التجارية)</subfield>
	</datafield>
	<datafield ind1="1" ind2="4" tag="600">
		<subfield code="a">ابو شجاع الاصفهاني، أحمد بن الحسين،</subfield>
		<subfield code="d">حوالي 1042-</subfield>
		<subfield code="t">المختصر في الفقه على مذهب الشافعي.</subfield>
	</datafield>
	<datafield ind1="1" ind2="0" tag="600">
		<subfield code="a">Abū Shujāʻ al-Iṣfahānī, Aḥmad ibn al-Ḥusayn,</subfield>
		<subfield code="d">approximately 1042-</subfield>
		<subfield code="t">Mukhtaṣar fī al-fiqh ʻalá madhhab al-Shāfiʻī.</subfield>
	</datafield>
	<datafield ind1=" " ind2="4" tag="650">
		<subfield code="a">الفقه الاسلامي</subfield>
		<subfield code="v">اعمال قديمة حتى 1800.</subfield>
	</datafield>
	<datafield ind1=" " ind2="4" tag="650">
		<subfield code="a">المذهب الشافعي</subfield>
		<subfield code="v">اعمال قديمة حتى 1800.</subfield>
	</datafield>
	<datafield ind1=" " ind2="0" tag="650">
		<subfield code="a">Islamic law</subfield>
		<subfield code="v">Early works to 1800.</subfield>
	</datafield>
	<datafield ind1=" " ind2="0" tag="650">
		<subfield code="a">Shafiites</subfield>
		<subfield code="v">Early works to 1800.</subfield>
	</datafield>
	<datafield ind1="1" ind2=" " tag="700">
		<subfield code="6">880-08</subfield>
		<subfield code="a">ʻAbd al-Ḥamīd, Muḥammad Muḥyī al-Dīn.</subfield>
		<subfield code="e">annotator.</subfield>
		<subfield code="0">https://lccn.loc.gov/n81065895 ,</subfield>
	</datafield>
	<datafield ind1="2" ind2=" " tag="710">
		<subfield code="a">Jafet Memorial Library.</subfield>
	</datafield>
	<datafield ind1="0" ind2=" " tag="730">
		<subfield code="a">Arabic Collections Online.</subfield>
	</datafield>
	<datafield ind1="0" ind2="8" tag="775">
		<subfield code="6">880-09</subfield>
		<subfield code="i">has designation of edition</subfield>
		<subfield code="4">http://rdaregistry.info/Elements/m/P30133 :</subfield>
		<subfield code="a">Shirbīnī, Muḥammad ibn Aḥmad, -1570.</subfield>
		<subfield code="t">Iqnāʻ fī ḥall alfāẓ Abī Shujāʻ : wa-huwa sharḥ ʻalá al-mukhtaṣar al-musammá Ghāyat al-ikhtiṣār fī al-fiqh ʻalá madhhab al-Imām al-Shāfiʻī taʼlīf al-ʻallāmah Abī Shujāʻ Aḥmad ibn al-Ḥusayn ibn Aḥmad al-Iṣfahānī al-Shāfiʻī, al-mawlūd fī sanat 533 wa-al-mutawaffá fī sanat 593 min al-Hijrah.</subfield>
		<subfield code="b">al-Ṭabʻah al-thālithah.</subfield>
		<subfield code="d">Miṣr : Maṭbaʻat Muḥammad ʻAlī Ṣubayḥ wa-Awlāduh, 1373 H. = 1954 M.</subfield>
		<subfield code="w">(OCoLC)784339833</subfield>
		<subfield code="w">(OCoLC)784339833</subfield>
	</datafield>
	<datafield ind1="0" ind2="8" tag="776">
		<subfield code="i">Print version:</subfield>
		<subfield code="a">Shirbīnī, Muḥammad ibn Aḥmad, -1570. author. https://lccn.loc.gov/n82100618 ,</subfield>
		<subfield code="t">al-Iqnāʻ fī ḥall alfāẓ Abī Shujāʻ</subfield>
		<subfield code="w">(LeBAU)b23656347</subfield>
	</datafield>
	<datafield ind1="4" ind2="0" tag="856">
		<subfield code="u">http://hdl.handle.net/2333.1/k3j9kq0z</subfield>
	</datafield>
	<datafield ind1="1" ind2=" " tag="880">
		<subfield code="6">100-01</subfield>
		<subfield code="a">الشربيني، محمد بن أحمد،</subfield>
		<subfield code="d">-1570،</subfield>
		<subfield code="0">https://lccn.loc.gov/n82100618 ,</subfield>
		<subfield code="e">مؤلف. </subfield>
		<subfield code="4">aut.</subfield>
	</datafield>
	<datafield ind1="1" ind2="3" tag="880">
		<subfield code="6">245-02</subfield>
		<subfield code="a">الإقناع في حل ألفاظ أبي شجاع :</subfield>
		<subfield code="b">وهو شرح على المختصر المسمى غاية الإختصار في الفقه على مذهب الإمام الشافعي تأليف العلامة أبي شجاع أحمد بن الحسين بن أحمد الأصفهاني الشافعي، المولود في سنة 533 والمتوفى في سنة 593 من الهجرة /</subfield>
		<subfield code="c">تأليف شمس الدين محمد بن أحمد الشربيني القاهري الخطيب الشافعي، أحد علماء القرن العاشر الهجري ؛ بتحقيق محمد محيي الدين عبد الحميد.</subfield>
	</datafield>
	<datafield ind1=" " ind2=" " tag="880">
		<subfield code="6">250-05</subfield>
		<subfield code="a">الطبعة الاولى.</subfield>
	</datafield>
	<datafield ind1="3" ind2="0" tag="880">
		<subfield code="6">246-03</subfield>
		<subfield code="a">شرح على المختصر المسمى غاية الاختصار في الفقه على مذهب الامام الشافعي</subfield>
	</datafield>
	<datafield ind1="3" ind2="0" tag="880">
		<subfield code="6">246-04</subfield>
		<subfield code="a">غاية الاختصار في الفقه على مذهب الامام الشافعي</subfield>
	</datafield>
	<datafield ind1=" " ind2="1" tag="880">
		<subfield code="6">264-06</subfield>
		<subfield code="a">مصر :</subfield>
		<subfield code="b">محمود توفيق،</subfield>
		<subfield code="c">1369 هـ. = 1949 م.</subfield>
	</datafield>
	<datafield ind1=" " ind2=" " tag="880">
		<subfield code="6">300-07</subfield>
		<subfield code="a">3 اجزاء ؛</subfield>
		<subfield code="c">21 سم</subfield>
	</datafield>
	<datafield ind1="1" ind2=" " tag="880">
		<subfield code="6">700-08</subfield>
		<subfield code="a">عبد الحميد، محمد محي الدين،</subfield>
		<subfield code="0">https://lccn.loc.gov/n81065895 ,</subfield>
		<subfield code="e">محقق. </subfield>
		<subfield code="4">ann.</subfield>
	</datafield>
	<datafield ind1="0" ind2="8" tag="880">
		<subfield code="6">775-09</subfield>
		<subfield code="i">دلالة على الطبعة</subfield>
		<subfield code="4">http://rdaregistry.info/Elements/m/P30133 :</subfield>
		<subfield code="a">الشربيني، محمد بن أحمد، -1570.</subfield>
		<subfield code="t">الإقناع في حل ألفاظ أبي شجاع : وهو شرح على المختصر المسمى غاية الإختصار في الفقه على مذهب الإمام الشافعي تأليف العلامة أبي شجاع أحمد بن الحسين بن أحمد الأصفهاني الشافعي المولود في سنة 533 والمتوفى في سنة 593 من الهجرة.</subfield>
		<subfield code="b">الطبعة الثالثة.</subfield>
		<subfield code="d">مصر : مطبعة محمد علي صبيح وأولاده، 1373 هـ. = 1954 م.</subfield>
		<subfield code="w">(LEAUB)b12483321</subfield>
		<subfield code="w">(OCoLC)784339833</subfield>
	</datafield>
	<datafield ind1=" " ind2=" " tag="959">
		<subfield code="a">NNU</subfield>
		<subfield code="b">WEB</subfield>
		<subfield code="c">GENI</subfield>
		<subfield code="t">0</subfield>
		<subfield code="m">Electronic access</subfield>
		<subfield code="s">01</subfield>
	</datafield>
	<datafield ind1=" " ind2=" " tag="999">
		<subfield code="i">LeBAU_b23656347</subfield>
		<subfield code="s">aub_aco003893:v.4</subfield>
		<subfield code="e">(ERROR-MISC)</subfield>
	</datafield>
</record>
